@misc{jayasimha_lakshmi_kannan_daka_2017, title={Implementation of High Performance Carry Save Adder Using Domino Logic}, url={https://papers.ssrn.com/sol3/papers.cfm?abstract_id=2941145}, journal={by Jikun Huang, Ruifa Hu, Scott Rozelle, Fangbin Qiao, Carl E. Pray :: SSRN}, author={Jayasimha and Lakshmi and Kannan and Daka}, year={2017}, month={Mar}}
@misc{introduction_to_biometric, title={Fast modular multiplication with carry save adder - IEEE Conference Publication}, url={https://ieeexplore.ieee.org/document/982575}, journal={An introduction to biometric recognition - IEEE Journals & Magazine}}
@misc{dokachev_carpinelli_2015, title={The Wallace Tree Simulator}, url={https://peer.asee.org/the-wallace-tree-simulator}, journal={ASEE PEER Document Repository}, author={Dokachev, Michael and Carpinelli, John}, year={2015}, month={Mar}}
